@article{zaslavsky2018efficient,
  title={Efficient compression in color naming and its evolution},
  author={Zaslavsky, Noga and Kemp, Charles and Regier, Terry and Tishby, Naftali},
  journal={Proceedings of the National Academy of Sciences},
  volume={115},
  number={31},
  pages={7937--7942},
  year={2018},
  publisher={National Acad Sciences}
}

@book{berlin1991basic,
  title={Basic color terms: Their universality and evolution},
  author={Berlin, Brent and Kay, Paul},
  year={1991},
  publisher={Univ of California Press}
}

@Book{CIELAB,
 author = {},
 title = {Colorimetry},
 publisher = {Commission Internationale de l'Eclairage},
 year = {2004},
 address = {Vienna},
 isbn = {3-901-906-33-9}
 }

@article{bishop2006pattern,
  title={Pattern recognition},
  author={Bishop, Christopher M},
  journal={Machine learning},
  volume={128},
  number={9},
  year={2006}
}

@article{shannon1948mathematical,
  title={A mathematical theory of communication},
  author={Shannon, Claude Elwood},
  journal={The Bell system technical journal},
  volume={27},
  number={3},
  pages={379--423},
  year={1948},
  publisher={Nokia Bell Labs}
}

@article{mokrzycki2011colour,
  title={Colour difference E: A survey},
  author={Mokrzycki, WS and Tatol, M},
  journal={Mach. Graph. Vis},
  volume={20},
  number={4},
  pages={383--411},
  year={2011}
}

@article{tishby2000information,
  title={The information bottleneck method},
  author={Tishby, Naftali and Pereira, Fernando C and Bialek, William},
  journal={arXiv preprint physics/0004057},
  year={2000}
}

@article{shannon1959coding,
  title={Coding theorems for a discrete source with a fidelity criterion},
  author={Shannon, Claude E and others},
  journal={IRE Nat. Conv. Rec},
  volume={4},
  number={142-163},
  pages={1},
  year={1959}
}

@article{blahut1972computation,
  title={Computation of channel capacity and rate-distortion functions},
  author={Blahut, Richard},
  journal={IEEE transactions on Information Theory},
  volume={18},
  number={4},
  pages={460--473},
  year={1972},
  publisher={IEEE}
}

@article{arimoto1972algorithm,
  title={An algorithm for computing the capacity of arbitrary discrete memoryless channels},
  author={Arimoto, Suguru},
  journal={IEEE Transactions on Information Theory},
  volume={18},
  number={1},
  pages={14--20},
  year={1972},
  publisher={IEEE}
}

@inproceedings{beekhuizen2016modeling,
  title={Modeling developmental and linguistic relativity effects in color term acquisition.},
  author={Beekhuizen, Barend and Stevenson, Suzanne},
  booktitle={CogSci},
  year={2016}
}

 @article{tenenbaum2020hacker,
  title={The Child as Hacker}, 
  volume={24},
  ISSN={1364-6613},
  number={11},
  journal={Trends in Cognitive Sciences},
  author={Rule, Joshua S. and Tenenbaum, Joshua B. and Piantadosi, Steven T.},
  year={2020}, 
  month={Nov},
  pages={900–915} 
}

@article{sims2016rate,
  title={Rate-distortion theory and human perception},
  author={Sims, Chris R},
  journal={Cognition},
  volume={152},
  pages={181--198},
  year={2016},
  publisher={Elsevier}
}

@article{mollica2021logical,
  title={Logical word learning: The case of kinship},
  author={Mollica, Francis and Piantadosi, Steven T},
  journal={Psychonomic bulletin \& review},
  pages={1--34},
  year={2021},
  publisher={Springer}
}

 @inbook{fukunaga1990stats,
  place={Boston}, 
  title={Chapter 3 - HYPOTHESIS TESTING},
  ISBN={978-0-08-047865-4}, 
  booktitle={Introduction to Statistical Pattern Recognition (Second Edition)},
  publisher={Academic Press}, 
  author={Fukunaga, Keinosuke}, 
  editor={Fukunaga, Keinosuke}, 
  year={1990}, 
  month={Jan}, 
  pages={51–123}
}

@inproceedings{bleys2005colourcategory,
  author    = {Joris Bleys and
               Tony Belpaeme},
  editor    = {Katja Verbeeck and
               Karl Tuyls and
               Ann Now{\'{e}} and
               Bernard Manderick and
               Bart Kuijpers},
  title     = {Explaining universal colour categories through a constrained acquisition
               process},
  booktitle = {{BNAIC} 2005 - Proceedings of the Seventeenth Belgium-Netherlands
               Conference on Artificial Intelligence, Brussels, Belgium, October
               17-18, 2005},
  pages     = {317--318},
  publisher = {Koninklijke Vlaamse Academie van Belie voor Wetenschappen en Kunsten},
  year      = {2005},
  timestamp = {Thu, 08 Dec 2005 07:17:40 +0100},
  biburl    = {https://dblp.org/rec/conf/bnaic/BleysB05.bib},
  bibsource = {dblp computer science bibliography, https://dblp.org}
}

@inproceedings{beekhuizen2015perceptual,
  title={Perceptual, conceptual, and frequency effects on error patterns in english color term acquisition},
  author={Beekhuizen, Barend and Stevenson, Suzanne},
  booktitle={Proceedings of the Sixth Workshop on Cognitive Aspects of Computational Language Learning},
  pages={83--92},
  year={2015}
}

@article{nosofsky1987attention,
  title={Attention and learning processes in the identification and categorization of integral stimuli.},
  author={Nosofsky, Robert M},
  journal={Journal of Experimental Psychology: Learning, Memory, and Cognition},
  volume={13},
  number={1},
  pages={87},
  year={1987},
  publisher={American Psychological Association}
}

@article{bateman1915,
author = { W. G.   Bateman },
title = {The Naming of Colors by Children the Binet Test},
journal = {The Pedagogical Seminary},
volume = {22},
number = {4},
pages = {469-486},
year  = {1915},
publisher = {Routledge}
}

@book{kohonen2001self,
  title={Self-Organizing Maps},
  author={Kohonen, T. and Huang, T.S. and Schroeder, M.R.},
  isbn={9783540679219},
  lccn={00052663},
  series={Physics and astronomy online library},
  year={2001},
  publisher={Springer Berlin Heidelberg}
}

@misc{marr1982vision,
  title={Vision: A Computational Approach (San Fr},
  author={Marr, D},
  year={1982},
  publisher={Freeman \& Co}
}

@article{berger2003rate,
  title={Rate-distortion theory},
  author={Berger, Toby},
  journal={Wiley Encyclopedia of Telecommunications},
  year={2003},
  publisher={Wiley Online Library}
}

@article{levinson2000basic,
 ISSN = {10551360, 15481395},
 author = {Stephen C. Levinson},
 journal = {Journal of Linguistic Anthropology},
 number = {1},
 pages = {3--55},
 publisher = {[American Anthropological Association, Wiley]},
 title = {Yélî Dnye and the Theory of Basic Color Terms},
 volume = {10},
 year = {2000}
}


@book{maclaury1997color,
  title={Color and cognition in Mesoamerica: Constructing categories as vantages},
  author={MacLaury, Robert E},
  volume={10},
  year={1997},
  publisher={University of Texas press}
}

@article {Piantadosi3526,
	author = {Piantadosi, Steven T. and Tily, Harry and Gibson, Edward},
	title = {Word lengths are optimized for efficient communication},
	volume = {108},
	number = {9},
	pages = {3526--3529},
	year = {2011},
	publisher = {National Academy of Sciences},
	issn = {0027-8424},
	journal = {Proceedings of the National Academy of Sciences}
}

@article{gibson2013wordorder,
author = {Edward Gibson and Steven T. Piantadosi and Kimberly Brink and Leon Bergen and Eunice Lim and Rebecca Saxe},
title ={A Noisy-Channel Account of Crosslinguistic Word-Order Variation},
journal = {Psychological Science},
volume = {24},
number = {7},
pages = {1079-1088},
year = {2013},
    note ={PMID: 23649563},

}

@article{levy2007speakers,
  title={Speakers optimize information density through syntactic reduction},
  author={Levy, Roger and Jaeger, T Florian},
  journal={Advances in neural information processing systems},
  volume={19},
  pages={849},
  year={2007},
  publisher={MIT; 1998}
}

@article{Baddeley2009relation,
author = {Roland Baddeley and David Attewell},
title ={The Relationship Between Language and the Environment: Information Theory Shows Why We Have Only Three Lightness Terms},
journal = {Psychological Science},
volume = {20},
number = {9},
pages = {1100-1107},
year = {2009},
}