@article{zaslavsky2018efficient,
  title={Efficient compression in color naming and its evolution},
  author={Zaslavsky, Noga and Kemp, Charles and Regier, Terry and Tishby, Naftali},
  journal={Proceedings of the National Academy of Sciences},
  volume={115},
  number={31},
  pages={7937--7942},
  year={2018},
  publisher={National Acad Sciences}
}

@book{berlin1991basic,
  title={Basic color terms: Their universality and evolution},
  author={Berlin, Brent and Kay, Paul},
  year={1991},
  publisher={Univ of California Press}
}