@book{dahl1985tense,
  title={Tense and Aspect Systems},
  author={Dahl, {\"O}sten},
  year={1985},
  publisher={Basil Blackwell}
}

@book{bybee1994evolution,
  title={The Evolution of Grammar: Tense, Aspect, and Modality in the Languages of the World},
  author={Bybee, Joan L and Perkins, Revere Dale and Pagliuca, William},
  year={1994},
  publisher={University of Chicago Press}
}

@book{aikhenvald2004evidentiality,
  title={Evidentiality},
  author={Aikhenvald, AY},
  year={2004},
  publisher={Oxford University Press}
}

@book{derbyshire1979hixkaryana,
  title={Hixkaryana},
  author={Derbyshire, Desmond C},
  year={1979},
  publisher={North-Holland}
}

@book{jones1991barasano,
  title={Barasano syntax},
  author={Jones, Wendell and Jones, Paula},
  year={1991},
  publisher={SIL}
}

@book{praulinvs2012latvian,
  title={Latvian: An essential grammar},
  author={Praulin{\v{s}}, Dace},
  year={2012},
  publisher={Routledge}
}

@book{haspelmath1993grammar,
  title={A Grammar of Lezgian},
  author={Haspelmath, Martin},
  publisher={de Gruyter},
  year={1993}
}

@incollection{gordon1986development,
  title={The development of evidentials in {M}aricopa},
  author={Gordon, Lynn},
  booktitle={Evidentiality: The linguistic coding of epistemology},
  pages={75--88},
  year={1986},
  publisher={Abex}
}

@phdthesis{dol1999grammar,
  title={A grammar of Maybrat},
  author={Dol, Philomena Hedwig},
  year={1999},
  school={Rijksuniversiteit Leiden}
}

@book{nikolaeva2014grammar,
  title={A grammar of Tundra Nenets},
  author={Nikolaeva, Irina},
  year={2014},
  publisher={De Gruyter Mouton}
}

@book{corbett2001number,
  title={Number},
  author={Corbett, Greville G},
  year={2000},
  publisher={Cambridge University Press}
}

@incollection{borgman1999sanuma,
  title={Sanuma},
  booktitle={The Amazonian Languages},
  author={Borgman, D M},
  editor={R M W Dixon and A Y Aikhenvald},
  year={1999},
  publisher={Cambridge University Press}
}

@book{underhill1976turkish,
  title={Turkish grammar},
  author={Underhill, Robert},
  volume={460},
  year={1976},
  publisher={MIT Press}
}

@article{kunnap2002enets,
  title={On the {E}nets evidential suffixes},
  author={Kunnap, Ago},
  journal={Linguistica Uralica},
  volume={38},
  number={2},
  pages={145--154},
  year={2002},
  publisher={Estonian Academy Publishers}
}

@book{swanton1911haida,
  author={Swanton, J},
  title={Haida},
  booktitle={Handbook of American Indian Languages},
  year={1911},
  publisher={US Government Printing Office}
}

@incollection{hardman1986data,
  title={Data-source marking in the {J}aqi languages},
  author={Hardman, Martha James},
  booktitle={Evidentiality: The linguistic coding of epistemology},
  editor={Chafe, Wallace L and Nichols, Johanna},
  year={1986}
}

@book{bugenhagen1991grammar,
  title={A grammar of Mangap-Mbula: An Austronesian language of Papua New Guinea},
  author={Bugenhagen, Robert D},
  year={1991},
  publisher={The Australian National University}
}

@book{boas1941dakota,
  title={Dakota grammar},
  author={Boas, Franz and Deloria, Ella Cara},
  volume={23},
  year={1941},
  publisher={US Government Printing Office}
}

@book{parks1976grammar,
  title={A grammar of Pawnee},
  author={Parks, Douglas R},
  year={1976},
  publisher={Garland}
}

@phdthesis{facundes2000language,
  title={The language of the Apurina people of Brazil(Maipure/Arawak)},
  author={Facundes, Sidney da Silva},
  year={2000},
  school={State University of New York at Buffalo}
}

@phdthesis{curnow1997grammar,
  title={A grammar of Awa Pit},
  author={Curnow, Timothy J},
  year={1997},
  school={The Australian National University}
}

@book{evans1995grammar,
  title={A grammar of Kayardild},
  author={Evans, Nicholas D},
  publisher={de Gruyter},
  year={1995}
}

@book{carlson1994grammar,
  title={A grammar of Supyire},
  author={Carlson, Robert},
  year={1994},
  publisher={de Gruyter}
}

@book{bruce1984alamblak,
  title={The Alamblak language of Papua New Guinea (East Sepik)},
  author={Bruce, Les},
  year={1984},
  publisher={The Australian National University}
}

@book{seiler1985imonda,
  title={Imonda, a Papuan language},
  author={Seiler, Walter},
  year={1985},
  publisher={The Australian National University}
}

@book{maslova2003grammar,
  title={A grammar of Kolyma Yukaghir},
  author={Maslova, Elena},
  year={2003},
  publisher={de Gruyter}
}

@book{fortescue1984west,
  title={West Greenlandic},
  author={Michael Fortescue},
  year={1984},
  publisher={Croom Helm}
}

@phdthesis{kimball1985descriptive,
  title={A Descriptive Grammar of Koasati (Louisiana)},
  author={Kimball, Geoffrey David},
  year={1985},
  school={Tulane University}
}

@book{chafe2015grammar,
  title={A grammar of the Seneca language},
  author={Chafe, Wallace},
  year={2015},
  publisher={University of California Press}
}

@book{grinevald1990grammar,
  title={A grammar of Rama},
  author={Grinevald, Colette G},
  year={1990},
  publisher={Universite de Lyon}
}

@book{fallou2003wolof,
  title={Wolof},
  author={Fallou, Ngom},
  year={2003},
  publisher={Lincom}
}

@book{grout1859isizulu,
  title={The Isizulu: a grammar of the Zulu language},
  author={Grout, Lewis},
  year={1859},
  publisher={Tr{\"u}bner \& Company}
}

@book{du2012rapanui,
  title={Rapanui: A descriptive grammar},
  author={Du Feu, Veronica},
  year={1996},
  publisher={Routledge}
}

@book{dum2009armenian,
  title={Armenian: Modern Eastern Armenian},
  author={Dum-Tragut, Jasmine},
  year={2009},
  publisher={Benjamins}
}

@book{franklin1971grammar,
  title={A grammar of Kewa, New Guinea},
  author={Franklin, Karl James},
  year={1971},
  publisher={The Australian National University}
}

@book{hagman1977nama,
  author={Hagman, Roy S},
  title={Nama Hottentot Grammar},
  publisher={Indiana University},
  year={1977}
}

@book{lombard1985introduction,
  title={Introduction to the grammar of Northern Sotho},
  author={Lombard, Daniel P},
  year={1985},
  publisher={van Schaik}
}

@article{jeon2015basic,
  title={A Basic Sketch Grammar of {G}{\~\i}k{\~u}y{\~u}},
  author={Jeon, Lisa and Li, Jessica and Mauney, Samantha and Navarro, Ana{\'\i} and Wittke, Jonas},
  journal={Rice Working Papers in Linguistics},
  volume={6},
  year={2015}
}

@book{andronov1980brahui,
  title={The Brahui Language},
  author={Andronov, Michail S},
  year={1980},
  publisher={Nauka}
}

@book{berger1998burushaski,
  title={Die Burushaski-Sprache von Hunza und Nager},
  author={Berger, Hermann},
  year={1998},
  publisher={Harrassowitz}
}

@book{newman2000hausa,
  title={The Hausa Language. An Encyclopedic Reference Grammar},
  author={Newman, Paul},
  year={2000},
  publisher={Yale University Press}
}

@book{bromley1981grammar,
  title={A grammar of Lower Grand Valley Dani},
  author={Bromley, H Myron},
  year={1981},
  publisher={The Australian National University}
}

@book{buechel1939grammar,
  title={A grammar of Lakota: The language of the Teton Sioux Indians},
  author={Buechel, Eugene},
  year={1939},
  publisher={Swift}
}

@book{noonan1992grammar,
  title={A Grammar of Lango},
  author={Noonan, Michael P},
  year={1992},
  publisher={de Gruyter}
}

@article{boas1927annotated,
  title={Annotated version of Grammar of the {K}utenai Language, by {P}ater {P}hilippo {C}anestrelli; Additional notes on the {K}utenai language},
  author={Boas, Franz},
  journal={International Journal of American Linguistics},
  volume={45},
  pages={61--94},
  year={1927}
}

@phdthesis{chang2006reference,
  title={A reference grammar of Paiwan},
  author={Chang, Anna Hsiou-chuan},
  year={2006},
  school={The Australian National University}
}

@book{chelliah1997meithei,
  title={A Grammar of Meithei},
  author={Chelliah, Shobhana L},
  publisher={de Gruyter},
  year={1997}
}

@book{cole1985imbabura,
  title={Imbabura Quechua},
  author={Cole, Peter},
  year={1982},
  publisher={North Holland}
}

@book{conrad1991outline,
  title={An outline of Bukiyip grammar},
  author={Conrad, Robert J and Wogiga, Kepas},
  year={1991},
  publisher={The Australian National University}
}

@book{rounds2009hungarian,
  title={Hungarian: An essential grammar},
  author={Rounds, Carol},
  year={2009},
  publisher={Routledge}
}

@book{dedrick1999sonora,
  title={Sonora Yaqui Language Structures},
  author={Dedrick, John M and Casad, Eugene H},
  year={1999},
  publisher={University of Arizona Press}
}

@book{harrison1981diccionario,
  title={Diccionario zoque de Copainal{\'a}},
  author={Harrison, Roy and Harrison, Margaret and Garc{\'\i}a, C{\'a}stulo},
  year={1981},
  publisher={SIL}
}

@book{dench1995martuthunira,
  title={Martuthunira: A language of the Pilbara region of Western Australia},
  author={Dench, Alan Charles},
  year={1995},
  publisher={The Australian National University}
}

@book{owens1985grammar,
  title={A Grammar of Harar Oromo (Northeastern Ethiopia)},
  author={Owens, Jonathan},
  year={1985},
  publisher={Buske}
}

@book{salminen1997tundra,
  title={Tundra Nenets Inflection},
  author={Salminen, T.},
  year={1997},
  publisher={Suomalais-Ugrilainen Seura}
}

@book{schiffman1999reference,
  title={A reference grammar of spoken Tamil},
  author={Schiffman, Harold F and Harold, F},
  year={1999},
  publisher={Cambridge University Press}
}

@book{yeon2013korean,
  title={Korean: A comprehensive grammar},
  author={Yeon, Jaehoon and Brown, Lucien},
  year={2013},
  publisher={Routledge}
}

@book{dez1980structures,
  title={Structures de la langue malgache},
  author={Dez, Jacques},
  year={1980},
  publisher={Publications orientalistes de France}
}

@article{dickens1991jul,
  title={Jul'hoan orthography in practice},
  author={Dickens, Patrick},
  journal={South African Journal of African languages},
  volume={11},
  number={3},
  pages={99--104},
  year={1991},
  publisher={Taylor \& Francis}
}

@book{dixon1988grammar,
  title={A grammar of Boumaa Fijian},
  author={Dixon, Robert Malcolm Ward},
  year={1988},
  publisher={University of Chicago Press}
}

@book{donaldson1980ngiyambaa,
  title={Ngiyambaa: The language of the Wangaaybuwan},
  author={Donaldson, Tamsin},
  publisher={Cambridge University Press},
  year={1980}
}

@article{svantesson1991tense,
  title={Tense, Mood and Aspect in {M}ongolian},
  author={Svantesson, Jan-Olof},
  journal={Working Papers (Lund University, Department of Linguistics)},
  volume={38},
  pages={189--204},
  year={1991},
  publisher={Lund University}
}

@book{saeed1999somali,
  title={Somali},
  author={Saeed, John},
  year={1999},
  publisher={Benjamins}
}

@phdthesis{lee1991tense,
  title={Tense, aspect, and modality: A discourse-pragmatic analysis of verbal affixes in Korean from a typological perspective},
  author={Lee, Hyo Sang},
  year={1991},
  school={University of California, Los Angeles}
}

@inproceedings{hayashi2005inuktitut,
  title={Is {I}nuktitut tenseless?},
  author={Hayashi, Midori and Spreng, Bettina},
  booktitle={Proceedings of the 2005 Annual Meeting of the Canadian Linguistics Association},
  year={2005}
}

@article{donohue1999syntactic,
  title={Syntactic categories in {T}ukang {B}esi},
  author={Donohue, Mark},
  journal={Revue qu{\'e}b{\'e}coise de linguistique},
  volume={27},
  pages={71--90},
  year={1999},
  publisher={Universit{\'e} du Qu{\'e}bec {\`a} Montr{\'e}al}
}

@book{nguyen1997vietnamese,
  title={Vietnamese},
  author={Nguyen, Dinh-Hoa},
  year={1997},
  publisher={Benjamins}
}

@incollection{everett1986piraha,
  title={Pirah{\~a}},
  author={Everett, Daniel L},
  booktitle={Handbook of Amazonian languages},
  publisher={de Gruyter},
  year={1986}
}

@book{everett1997wari,
  title={Wari: The Pacaas Novos Language of Western Brazil},
  author={Everett, Daniel Leonard and Kern, Barbara},
  year={1997},
  publisher={Routledge}
}

@phdthesis{thornell1997sango,
  title={The Sango language and its lexicon},
  author={Thornell, Christina},
  year={1997},
  school={Lund University}
}

@book{osborne1974tiwi,
  title={The Tiwi language},
  author={Osborne, Charles R},
  year={1974},
  publisher={Australian Institute of Aboriginal Studies}
}

@book{harriehausen2010hmong,
  title={Hmong Njua},
  author={Harriehausen, Bettina},
  year={1990},
  publisher={Niemeyer}
}

@book{grinevald1977jacaltec,
  title={Jacaltec: The Structure of Jacaltec.},
  author={Grinevald Craig, Colette},
  year={1977},
  publisher={The University of Texas Press}
}

@book{heath1999grammar,
  title={A grammar of Koyraboro (Koroboro) Senni},
  author={Heath, Jeffrey},
  year={1999},
  publisher={K{\"o}ppe}
}

@book{horton1949grammar,
  title={A grammar of Luvale},
  author={Horton, Alonzo E},
  year={1949},
  publisher={Witwatersrand University Press}
}

@book{innes1966introduction,
  title={An introduction to Grebo},
  author={Innes, Gordon},
  year={1966},
  publisher={University of London (School of Oriental \& African Studies)}
}

@book{jacob1968introduction,
  title={Introduction to Cambodian},
  author={Jacob, Judith M},
  year={1968},
  publisher={Oxford University Press}
}

@book{watkins1984grammar,
  title={A grammar of Kiowa},
  author={Watkins, Laurel J},
  year={1984},
  publisher={University of Nebraska Press}
}

@book{kimball1991koasati,
  title={Koasati grammar},
  author={Kimball, Geoffrey D},
  year={1991},
  publisher={University of Nebraska Press}
}

@incollection{krejnovich1968grammaticheskom,
  title={O grammaticheskom vyrazhenii imennykh klassov v glagole ketskogo jazyka},
  booktitle={Studia Ketica: Linguistique},
  author={Krejnovich, EA},
  pages={139--195},
  year={1968},
}

@article{wdzencznytemporal,
  title={Temporal Expression in {W}ich{\'\i} Nominals},
  journal={Santa Barbara Papers in Linguistics},
  volume={22},
  author={Wdzenczny, Dibella}
}

@book{kruspe2004grammar,
  title={A grammar of Semelai},
  author={Kruspe, Nicole},
  year={2004},
  publisher={Cambridge University Press}
}

@phdthesis{lindfors2003tense,
  title={Tense and aspect in Swahili},
  author={Lindfors, A},
  school={Uppsala University},
  year={2003}
}

@book{eisele1999arabic,
  title={Arabic verbs in time: Tense and aspect in Cairene Arabic},
  author={Eisele, John C},
  year={1999},
  publisher={Harrassowitz}
}

@book{merlan1982mangarayi,
  title={Mangarayi},
  author={Merlan, Francesca},
  year={1982},
  publisher={North Holland}
}

@book{miller1965acoma,
  title={Acoma grammar and texts},
  author={Miller, Wick R},
  year={1965},
  publisher={University of California Press}
}

@book{refsing1986ainu,
  title={The Ainu Language: The morphology and syntax of the Shizunai dialect},
  author={Refsing, Kirsten},
  year={1986},
  publisher={Aarhus University Press}
}

@book{murane1974daga,
  title={Daga Grammar},
  author={Murane, Elizabeth},
  year={1974},
  publisher={SIL}
}

@book{nedjalkov1997evenki,
  title={Evenki},
  author={Nedjalkov, Igor},
  year={1997},
  publisher={Routledge}
}

@book{panfilov1962grammatika,
  title={Grammatika nivxskogo jazyka},
  author={Panfilov, Vladimir Z},
  journal={Nauka},
  year={1962}
}

@incollection{payne81payne,
  title={Yagua},
  author={Payne, DL},
  booktitle={Handbook ofAmazonian Languages},
  volume={2},
  year={1990},
  publisher={de Gruyter}
}

@book{bohnemeyer2002grammar,
  title={The grammar of time reference in Yukatek Maya},
  author={Bohnemeyer, J{\"u}rgen},
  year={2002},
  publisher={Lincom}
}

@book{penchoen1973tamazight,
  title={Tamazight of the Ayt Ndhir},
  author={Penchoen, Thomas G},
  year={1973},
  publisher={Undena Publications}
}

@book{pitman1980bosquejo,
  title={Bosquejo de la gram{\'a}tica Araona},
  author={Pitman, Donald},
  year={1980},
  publisher={Instituto Ling{\"u}{\'\i}stico de Verano}
}

@incollection{popjes1986canela,
  title={Canela-{K}rah{\^o}},
  author={Popjes, Jack and Popjes, Josephine},
  booktitle={Handbook of Amazonian languages},
  volume={1},
  pages={128--199},
  year={1986},
  publisher={de Gruyter}
}

@book{roberts1987amele,
  title={Amele},
  author={Roberts, John R},
  year={1987},
  publisher={Croom Helm}
}

@book{romero1997reference,
  title={A reference grammar of Warao},
  author={Romero-Figueroa, Andr{\'e}s},
  year={1997},
  publisher={Lincom}
}

@book{rood1976wichita,
  title={Wichita grammar},
  author={Rood, David S},
  year={1976},
  publisher={Garland}
}

@book{sapir1965grammar,
  title={A Grammar of Diola Fogny},
  author={Sapir, J David},
  publisher={Cambridge University Press},
  year={1965}
}

@book{lamberti1997wolaytta,
  title={The Wolaytta Language},
  author={Lamberti, Marcello and Sottile, Roberto},
  year={1997},
  publisher={K{\"o}ppe}
}

@book{schachter19721983,
  author={Schachter, Paul and Otanes, F{\'e} T},
  title={Tagalog Reference Grammar},
  publisher={University of California Press},
  year={1972}
}

@phdthesis{smeets1989mapuche,
  title={A Mapuche grammar},
  author={Smeets, Catharina Johanna},
  year={1989},
  school={Rijksuniversiteit Leiden}
}

@book{sridhar1990kannada,
  title={Kannada},
  author={Sridhar, Shikaripur N},
  year={1990},
  publisher={Routledge}
}

@book{drapeau2014grammaire,
  title={Grammaire de la langue innue},
  author={Drapeau, Lynn},
  year={2014},
  publisher={Presses de l'Universit{\'e} du Qu{\'e}bec}
}

@book{macaulay1996grammar,
  title={A Grammar of Chalcatongo Mixtec},
  author={Macaulay, Monica Ann},
  year={1996},
  publisher={University of California Press}
}

@phdthesis{davidson2002studies,
  title={Studies in Southern Wakashan (Nootkan) Grammar},
  author={Davidson, Matthew},
  year={2002},
  school={State University of New York at Buffalo}
}

@book{hewson1997tense,
  title={Tense and Aspect in Indo-European languages: Theory, typology, diachrony},
  author={Hewson, John and Bubenik, Vit},
  year={1997},
  publisher={Benjamins}
}

@book{stevenson1969bagirmi,
  title={Bagirmi Grammar},
  author={Stevenson, Roland C},
  year={1969},
  publisher={University of Khartoum}
}

@article{svenonius2002icelandic,
  title={Icelandic case and the structure of events},
  author={Svenonius, Peter},
  journal={The Journal of Comparative Germanic Linguistics},
  volume={5},
  pages={197--225},
  year={2002},
  publisher={Springer}
}

@phdthesis{terrill1999lavukaleve,
  title={Lavukaleve: a Papuan language of the Solomon Islands},
  author={Terrill, Angela},
  school={Australian National University, Canberra},
  year={1999}
}

@book{topping1973chamorro,
  title={Chamorro Reference Grammar},
  author={Topping, Donald M and Dungca, Bernadita C},
  year={1973},
  publisher={University of Hawaii Press}
}

@book{mcgregor1990functional,
  title={A Functional Grammar of Gooniyandi},
  author={McGregor, William},
  year={1990},
  publisher={Benjamins}
}

@book{velupillai2016hawai,
  title={Hawai'i Creole English: A typological analysis of the tense-mood-aspect system},
  author={Velupillai, Viveka},
  year={2016},
  publisher={Springer}
}

@book{lohitare2012didinga,
  title={Didinga Grammar Book},
  author={Lohitare, Loki D and Lohammarimoi, Darius LB and Peter, Dominic T and Joseph, Peter L},
  journal={SIL},
  year={2012}
}

@book{wilson1974suena,
  title={Suena grammar},
  author={Wilson, Darryl},
  year={1974},
  publisher={SIL}
}

@phdthesis{dunn1999grammar,
  title={A grammar of Chukchi},
  author={Dunn, Michael John},
  year={1999},
  publisher={The Australian National University}
}

@incollection{wolfart1996sketch,
  title={Sketch of {C}ree, an {A}lgonquian language},
  author={Wolfart, H Christoph},
  booktitle={Handbook of North American Indians},
  volume={17},
  pages={390--439},
  year={1996},
  publisher={Smithsonian Institution}
}

@book{akiyama2012japanese,
  title={Japanese grammar},
  author={Akiyama, Nobuo and Akiyama, Carol},
  year={2012},
  publisher={Simon \& Schuster}
}

@book{voorhoeve1965flamingo,
  title={The Flamingo Bay dialect of the Asmat language},
  author={Voorhoeve, Clemens},
  year={1965},
  publisher={The Hague}
}

@misc{wals2020,
	title = {{The} {World} {Atlas} of {Language} {Structures} {Online}},
	url = {https://zenodo.org/record/3731125},
	author = {Dryer, Matthew and Haspelmath, Martin},
	year = {2020},
	doi = {10.5281/ZENODO.3731125},
}

