@article{zaslavsky2018efficient,
  title={Efficient compression in color naming and its evolution},
  author={Zaslavsky, Noga and Kemp, Charles and Regier, Terry and Tishby, Naftali},
  journal={Proceedings of the National Academy of Sciences},
  volume={115},
  number={31},
  pages={7937--7942},
  year={2018},
  publisher={National Acad Sciences}
}

@book{berlin1991basic,
  title={Basic color terms: Their universality and evolution},
  author={Berlin, Brent and Kay, Paul},
  year={1991},
  publisher={Univ of California Press}
}

@misc{RDT,
  title = {Rate–distortion theory},
  howpublished = {\url{https://en.wikipedia.org/wiki/Rate–distortion_theory}},
  note = {Accessed: 2021-10-26},
  year = {2021},
}

@misc{IB,
  title = {Information bottleneck method},
  howpublished = {\url{https://en.wikipedia.org/wiki/Information_bottleneck_method}},
  note = {Accessed: 2021-10-26},
  year = {2021},
}

@misc{BA,
  title = {Blahut–Arimoto algorithm},
  howpublished = {\url{https://en.wikipedia.org/wiki/Blahut–Arimoto_algorithm}},
  note = {Accessed: 2021-10-26},
  year = {2021},
}

@misc{EM,
  title = {Expectation–maximization algorithm},
  howpublished = {\url{https://en.wikipedia.org/wiki/Expectation–maximization_algorithm}},
  note = {Accessed: 2021-10-28},
  year = {2021},
}

@article{bishop2006pattern,
  title={Pattern recognition},
  author={Bishop, Christopher M},
  journal={Machine learning},
  volume={128},
  number={9},
  year={2006}
}

@article{shannon1948mathematical,
  title={A mathematical theory of communication},
  author={Shannon, Claude Elwood},
  journal={The Bell system technical journal},
  volume={27},
  number={3},
  pages={379--423},
  year={1948},
  publisher={Nokia Bell Labs}
}

@article{mokrzycki2011colour,
  title={Colour difference E: A survey},
  author={Mokrzycki, WS and Tatol, M},
  journal={Mach. Graph. Vis},
  volume={20},
  number={4},
  pages={383--411},
  year={2011}
}

@article{tishby2000information,
  title={The information bottleneck method},
  author={Tishby, Naftali and Pereira, Fernando C and Bialek, William},
  journal={arXiv preprint physics/0004057},
  year={2000}
}

@article{shannon1959coding,
  title={Coding theorems for a discrete source with a fidelity criterion},
  author={Shannon, Claude E and others},
  journal={IRE Nat. Conv. Rec},
  volume={4},
  number={142-163},
  pages={1},
  year={1959}
}

@article{blahut1972computation,
  title={Computation of channel capacity and rate-distortion functions},
  author={Blahut, Richard},
  journal={IEEE transactions on Information Theory},
  volume={18},
  number={4},
  pages={460--473},
  year={1972},
  publisher={IEEE}
}

@article{arimoto1972algorithm,
  title={An algorithm for computing the capacity of arbitrary discrete memoryless channels},
  author={Arimoto, Suguru},
  journal={IEEE Transactions on Information Theory},
  volume={18},
  number={1},
  pages={14--20},
  year={1972},
  publisher={IEEE}
}